@misc{android_network_tutorial,
  title = {Android network tutorial},
  howpublished = {\\http://developer.android.com/training/basics/network-ops/index.html},
}

@misc{developer_android,
  title = {Android Developers},
  howpublished = {\\http://developer.android.com/index.html},
}

@misc{stack_overflow,
  title = {StackOverflow},
  howpublished = {\\http://stackoverflow.com/},
}

@misc{git_tutorial,
  title = {GitHub Tutorial},
  howpublished = {\\https://www.codecademy.com/learn/learn-git},
}

@misc{get_volley,
  title = {GET Request using Volley},
  howpublished = {\\http://developer.android.com/training/volley/requestqueue.html},
}

@misc{json_parse,
  title = {Parsing JSON objects in Android},
  howpublished = {\\http://www.tutorialspoint.com/android/android\_json\_parser.htm/},
}

}

